<?xml version="1.0" encoding="UTF-8"?><collection xmlns="http://www.loc.gov/MARC21/slim"><record><leader>00601nam--2200181-i-4500</leader><controlfield tag="001">000014643</controlfield><controlfield tag="002">20161230</controlfield><controlfield tag="005">20161230201030</controlfield><controlfield tag="008">060222s1000------------r-----000-0-eng-d</controlfield><datafield ind1=" " ind2=" " tag="040"><subfield code="a">IFIN-HH</subfield></datafield><datafield ind1=" " ind2=" " tag="080"><subfield code="a">53:539.2</subfield></datafield><datafield ind1="1" ind2=" " tag="100"><subfield code="a">Kallmann, Hartmut P</subfield></datafield><datafield ind1="1" ind2="0" tag="245"><subfield code="a">Physical sciences. some recent advances</subfield><subfield code="b">Proceedings of the symposium on basic science in france and the united states</subfield><subfield code="c">Hartmut p. kallmann, serge a. kroff, sidney g. roth (eds.)</subfield></datafield><datafield ind1=" " ind2=" " tag="260"><subfield code="a">New York</subfield><subfield code="b">University Press</subfield><subfield code="c">1962</subfield></datafield><datafield ind1=" " ind2=" " tag="300"><subfield code="a">IX+243P</subfield></datafield><datafield ind1="1" ind2=" " tag="700"><subfield code="a">Roth, Sidney G</subfield><subfield code="e">Ed</subfield></datafield><datafield ind1=" " ind2=" " tag="852"><subfield code="a">19041</subfield><subfield code="c">53</subfield></datafield><datafield ind1=" " ind2=" " tag="CAT"><subfield code="a">Sys</subfield><subfield code="c">20150217</subfield><subfield code="h">210907</subfield></datafield></record></collection>